@article{mcgraw2012too,
	title={Too close for comfort, or too far to care? Finding humor in distant tragedies and close mishaps},
	author={McGraw, A Peter and Warren, Caleb and Williams, Lawrence E and Leonard, Bridget},
	journal={Psychological Science},
	volume={23},
	number={10},
	pages={1215--1223},
	year={2012},
	publisher={Sage Publications Sage CA: Los Angeles, CA}
}

@article{bengio2003neural,
	title={A neural probabilistic language model},
	author={Bengio, Yoshua and Ducharme, R{\'e}jean and Vincent, Pascal and Jauvin, Christian},
	journal={Journal of machine learning research},
	volume={3},
	number={Feb},
	pages={1137--1155},
	year={2003}
}

@article{salle2016matrix,
	title={Matrix factorization using window sampling and negative sampling for improved word representations},
	author={Salle, Alexandre and Idiart, Marco and Villavicencio, Aline},
	journal={arXiv preprint arXiv:1606.00819},
	year={2016}
}

@inproceedings{pennington2014glove,
	title={Glove: Global vectors for word representation},
	author={Pennington, Jeffrey and Socher, Richard and Manning, Christopher},
	booktitle={Proceedings of the 2014 conference on empirical methods in natural language processing (EMNLP)},
	pages={1532--1543},
	year={2014}
}

@article{mikolov2013efficient,
	title={Efficient estimation of word representations in vector space},
	author={Mikolov, Tomas and Chen, Kai and Corrado, Greg and Dean, Jeffrey},
	journal={arXiv preprint arXiv:1301.3781},
	year={2013}
}

@inproceedings{mikolov2013distributed,
	title={Distributed representations of words and phrases and their compositionality},
	author={Mikolov, Tomas and Sutskever, Ilya and Chen, Kai and Corrado, Greg S and Dean, Jeff},
	booktitle={Advances in neural information processing systems},
	pages={3111--3119},
	year={2013}
}
